@book{saussure1916course,
  added-at = {2008-05-16T15:49:07.000+0200},
  address = {London},
  author = {de Saussure, Ferdinand},
  biburl = {https://www.bibsonomy.org/bibtex/232286d1067ae1b7b75735778bff09829/stumme},
  interhash = {11a02d8afffb7927d740a85adfd37527},
  intrahash = {32286d1067ae1b7b75735778bff09829},
  keywords = {linguistics saussure semiotics},
  note = {(trans. Roy Harris)},
  publisher = {Duckworth},
  timestamp = {2008-05-16T15:49:14.000+0200},
  title = {Course in General Linguistics},
  year = {[1916] 1983}
}


@inproceedings{10.1145/1390156.1390177,
author = {Collobert, Ronan and Weston, Jason},
title = {A Unified Architecture for Natural Language Processing: Deep Neural Networks with Multitask Learning},
year = {2008},
isbn = {9781605582054},
publisher = {Association for Computing Machinery},
address = {New York, NY, USA},
url = {https://doi.org/10.1145/1390156.1390177},
doi = {10.1145/1390156.1390177},
booktitle = {Proceedings of the 25th International Conference on Machine Learning},
pages = {160–167},
numpages = {8},
location = {Helsinki, Finland},
series = {ICML ’08}
}



@article{turing1950computing,
  added-at = {2012-06-19T15:53:23.000+0200},
  author = {Turing, A. M.},
  biburl = {https://www.bibsonomy.org/bibtex/2c6b8db241dec2cec3477ce771abebb8f/jaeschke},
  copyright = {Copyright © 1950 Oxford University Press},
  interhash = {3f7a151a4f79fe75b4bb148b41279a9b},
  intrahash = {c6b8db241dec2cec3477ce771abebb8f},
  issn = {00264423},
  journal = {Mind},
  jstor_articletype = {research-article},
  jstor_formatteddate = {Oct., 1950},
  keywords = {},
  language = {English},
  number = 236,
  pages = {433--460},
  publisher = {Oxford University Press on behalf of the Mind Association},
  series = {New Series},
  timestamp = {2012-06-19T15:53:23.000+0200},
  title = {Computing Machinery and Intelligence},
  url = {http://www.jstor.org/stable/2251299},
  volume = 59,
  year = 1950
}

@inproceedings{DBLP:journals/corr/abs-1301-3781,
  author    = {Tomas Mikolov and
               Kai Chen and
               Greg Corrado and
               Jeffrey Dean},
  editor    = {Yoshua Bengio and
               Yann LeCun},
  title     = {Efficient Estimation of Word Representations in Vector Space},
  booktitle = {1st International Conference on Learning Representations, {ICLR} 2013,
               Scottsdale, Arizona, USA, May 2-4, 2013, Workshop Track Proceedings},
  year      = {2013},
  url       = {http://arxiv.org/abs/1301.3781},
  timestamp = {Thu, 25 Jul 2019 14:25:36 +0200},
  biburl    = {https://dblp.org/rec/journals/corr/abs-1301-3781.bib},
  bibsource = {dblp computer science bibliography, https://dblp.org}
}

@article{DBLP:journals/corr/abs-1103-0398,
  author    = {Ronan Collobert and
               Jason Weston and
               L{\'{e}}on Bottou and
               Michael Karlen and
               Koray Kavukcuoglu and
               Pavel P. Kuksa},
  title     = {Natural Language Processing (almost) from Scratch},
  journal   = {CoRR},
  volume    = {abs/1103.0398},
  year      = {2011},
  url       = {http://arxiv.org/abs/1103.0398},
  archivePrefix = {arXiv},
  eprint    = {1103.0398},
  timestamp = {Mon, 13 Aug 2018 16:46:35 +0200},
  biburl    = {https://dblp.org/rec/journals/corr/abs-1103-0398.bib},
  bibsource = {dblp computer science bibliography, https://dblp.org}
}

@book{bellman1957dynamic,
  title={Dynamic Programming},
  author={Bellman, R. and Rand Corporation},
  lccn={lc57005444},
  series={Rand Corporation research study},
  url={https://books.google.com.ua/books?id=rZW4ugAACAAJ},
  year={1957},
  publisher={Princeton University Press}
}

@inproceedings{mikolov-etal-2013-linguistic,
    title = "Linguistic Regularities in Continuous Space Word Representations",
    author = "Mikolov, Tomas  and
      Yih, Wen-tau  and
      Zweig, Geoffrey",
    booktitle = "Proceedings of the 2013 Conference of the North {A}merican Chapter of the Association for Computational Linguistics: Human Language Technologies",
    month = jun,
    year = "2013",
    address = "Atlanta, Georgia",
    publisher = "Association for Computational Linguistics",
    url = "https://www.aclweb.org/anthology/N13-1090",
    pages = "746--751",
}

@article{Rong2014word2vecPL,
  title={word2vec Parameter Learning Explained},
  author={Xin Rong},
  journal={ArXiv},
  year={2014},
  volume={abs/1411.2738}
}

@inproceedings{watanabe-sumita-2002-bidirectional,
    title = "Bidirectional Decoding for Statistical Machine Translation",
    author = "Watanabe, Taro  and
      Sumita, Eiichiro",
    booktitle = "{COLING} 2002: The 19th International Conference on Computational Linguistics",
    year = "2002",
    url = "https://www.aclweb.org/anthology/C02-1050",
}

@inproceedings{pennington2014glove,
  added-at = {2016-02-18T12:02:38.000+0100},
  author = {Pennington, Jeffrey and Socher, Richard and Manning, Christopher D},
  biburl = {https://www.bibsonomy.org/bibtex/2a6e77a38c13e374ab250e13ae22993ec/thoni},
  booktitle = {EMNLP},
  interhash = {29813227df1eea94efa14c7df2b5553a},
  intrahash = {a6e77a38c13e374ab250e13ae22993ec},
  keywords = {deeplearning deepwiki glove semantic},
  pages = {1532--1543},
  timestamp = {2016-09-06T08:23:07.000+0200},
  title = {Glove: Global Vectors for Word Representation.},
  volume = 14,
  year = 2014
}




@article{DBLP:journals/corr/SerraK17,
  author    = {Joan Serr{\`{a}} and
               Alexandros Karatzoglou},
  title     = {Getting deep recommenders fit: Bloom embeddings for sparse binary
               input/output networks},
  journal   = {CoRR},
  volume    = {abs/1706.03993},
  year      = {2017},
  url       = {http://arxiv.org/abs/1706.03993},
  archivePrefix = {arXiv},
  eprint    = {1706.03993},
  timestamp = {Mon, 13 Aug 2018 16:47:15 +0200},
  biburl    = {https://dblp.org/rec/journals/corr/SerraK17.bib},
  bibsource = {dblp computer science bibliography, https://dblp.org}
}